<?xml version="1.0" encoding="UTF-8"?><collection xmlns="http://www.loc.gov/MARC21/slim"><record><leader>00370nam--2200133-i-4500</leader><controlfield tag="001">000047483</controlfield><controlfield tag="002">20161230</controlfield><controlfield tag="005">20161230201046</controlfield><controlfield tag="008">060222s1000------------r-----000-0-eng-d</controlfield><datafield ind1=" " ind2=" " tag="080"><subfield code="a">530.1</subfield></datafield><datafield ind1=" " ind2=" " tag="245"><subfield code="a">Iii winter school of th.ph. in karpacz, february 17 - march 2, 1966</subfield></datafield><datafield ind1=" " ind2=" " tag="260"><subfield code="a">Wroclaw, Wroclaw Univ.,1968. 197 P</subfield></datafield><datafield ind1=" " ind2=" " tag="490"><subfield code="a">Acta Univ.Wratislaviensis</subfield></datafield><datafield ind1=" " ind2=" " tag="852"><subfield code="a">32217</subfield></datafield></record></collection>